<?xml version = "1.0" encoding = "UTF-8"?><OAI-PMH xmlns="http://www.openarchives.org/OAI/2.0/" xmlns:xsi="http://www.w3.org/2001/XMLSchema-instance" xsi:schemaLocation="http://www.openarchives.org/OAI/2.0/ http://www.openarchives.org/OAI/2.0/OAI-PMH.xsd"><ListRecords><record><header><identifier>aleph-publish:036776181</identifier></header><metadata><record xmlns="http://www.ddb.de/professionell/mabxml/mabxml-1.xsd"><leader>00000cM2.01200024------h</leader><controlfield tag="LDR">00000cM2.01200024------h</controlfield><controlfield tag="FMT">MH</controlfield><datafield tag="001" ind1="-" ind2="1"><subfield code="a">HT020582812</subfield></datafield><datafield tag="002" ind1="b" ind2="1"><subfield code="a">20200918</subfield></datafield><datafield tag="003" ind1="-" ind2="1"><subfield code="a">20201016</subfield></datafield><datafield tag="020" ind1="a" ind2="1"><subfield code="a">BA49978710</subfield><subfield code="b">NII</subfield></datafield><datafield tag="026" ind1="-" ind2="1"><subfield code="a">HBZHT020582812</subfield></datafield><controlfield tag="030">|||u|||||||17</controlfield><datafield tag="036" ind1="a" ind2="1"><subfield code="a">JP</subfield></datafield><datafield tag="037" ind1="b" ind2="1"><subfield code="a">jpn</subfield></datafield><controlfield tag="050">||||||||||||||</controlfield><controlfield tag="051">m|||||||</controlfield><datafield tag="060" ind1="-" ind2="1"><subfield code="b">txt</subfield><subfield code="a">Text</subfield></datafield><datafield tag="061" ind1="-" ind2="1"><subfield code="b">n</subfield><subfield code="a">ohne Hilfsmittel zu benutzen</subfield></datafield><datafield tag="062" ind1="-" ind2="1"><subfield code="b">nc</subfield><subfield code="a">Band</subfield></datafield><datafield tag="070" ind1="-" ind2="1"><subfield code="a">38/459</subfield></datafield><datafield tag="070" ind1="b" ind2="1"><subfield code="a">38/459</subfield></datafield><datafield tag="078" ind1="b" ind2="1"><subfield code="a">Mindestkatalogisat</subfield></datafield><datafield tag="078" ind1="f" ind2="1"><subfield code="a">jap</subfield></datafield><datafield tag="080" ind1="-" ind2="1"><subfield code="a">50</subfield></datafield><datafield tag="100" ind1="-" ind2="1"><subfield code="a">Kuroda, Kiyoaki</subfield><subfield code="4">aut</subfield><subfield code="3">Verfasser</subfield></datafield><datafield tag="A00" ind1="-" ind2="1"><subfield code="a">黒田, 清揚</subfield><subfield code="6">Jpan</subfield></datafield><datafield tag="104" ind1="a" ind2="1"><subfield code="a">Sasaki, Atsurô</subfield><subfield code="4">aut</subfield><subfield code="3">Verfasser</subfield></datafield><datafield tag="A04" ind1="a" ind2="1"><subfield code="a">佐々木, 敦朗</subfield><subfield code="6">Jpan</subfield></datafield><datafield tag="331" ind1="-" ind2="1"><subfield code="a">Sora kara mita nihon</subfield></datafield><datafield tag="C31" ind1="-" ind2="1"><subfield code="a">空から見た日本</subfield><subfield code="6">Jpan</subfield></datafield><datafield tag="359" ind1="-" ind2="1"><subfield code="a">Kuroda, Kiyoaki ; Sasaki, Atsurô kyôcho</subfield></datafield><datafield tag="C59" ind1="-" ind2="1"><subfield code="a">黒田清揚 ;佐々木敦朗 共著</subfield><subfield code="6">Jpan</subfield></datafield><datafield tag="403" ind1="-" ind2="1"><subfield code="a">Shohan</subfield></datafield><datafield tag="D03" ind1="-" ind2="1"><subfield code="a">初版</subfield><subfield code="6">Jpan</subfield></datafield><datafield tag="419" ind1="-" ind2="1"><subfield code="a">Ôsaka</subfield><subfield code="b">Hoikusha</subfield><subfield code="c">Shôwa 41-nen 8-gatsu 1-nichi</subfield></datafield><datafield tag="D19" ind1="-" ind2="1"><subfield code="a">大阪</subfield><subfield code="b">保育社</subfield><subfield code="c">昭和41年8月1日</subfield><subfield code="6">Jpan</subfield></datafield><datafield tag="425" ind1="a" ind2="1"><subfield code="a">1966</subfield></datafield><datafield tag="433" ind1="-" ind2="1"><subfield code="a">153 Seiten</subfield></datafield><datafield tag="434" ind1="-" ind2="1"><subfield code="a">Fotografien</subfield></datafield><datafield tag="434" ind1="-" ind2="1"><subfield code="a">Diagramme</subfield></datafield><datafield tag="451" ind1="-" ind2="1"><subfield code="a">Karā bukkusu ; 106</subfield></datafield><datafield tag="D51" ind1="-" ind2="1"><subfield code="a">カラーブックス ; 106</subfield><subfield code="6">Jpan</subfield></datafield><datafield tag="453" ind1="-" ind2="1"><subfield code="a">HT003307812</subfield></datafield><datafield tag="455" ind1="-" ind2="1"><subfield code="a">106)</subfield></datafield><datafield tag="456" ind1="-" ind2="1"><subfield code="a">106</subfield></datafield><datafield tag="516" ind1="b" ind2="1"><subfield code="a">in japanischer Schrift</subfield></datafield><datafield tag="710" ind1="-" ind2="1"><subfield code="a">Geographie, Geografie</subfield></datafield><datafield tag="710" ind1="-" ind2="1"><subfield code="a">Reiseführer</subfield></datafield><datafield tag="710" ind1="-" ind2="1"><subfield code="a">Bildband</subfield></datafield><datafield tag="710" ind1="-" ind2="1"><subfield code="a">Luftbildaufnahme, Luftbild</subfield></datafield><controlfield tag="SYS">036776181</controlfield><datafield tag="LOW" ind1="-" ind2="1"><subfield code="a">K1144</subfield></datafield><datafield tag="088" ind1=" " ind2=" "><subfield code="a">38/459</subfield><subfield code="b">00009001</subfield><subfield code="c">JAP/G2-1Kur1</subfield><subfield code="e">keine ILL</subfield></datafield></record></metadata></record></ListRecords></OAI-PMH>